@report{test,
	author = {test},
	title = {test},
	type = {test},
	institution = {test},
	date = {3000},
}
